Month,Sales
2023-01,1500
2023-02,1700
2023-03,1600
2023-04,1800
2023-05,2000
2023-06,2100
2023-07,1900
2023-08,2200
2023-09,2300
2023-10,2500
2023-11,2700
2023-12,3000
2024-01,3200
2024-02,3400
2024-03,3100
2024-04,3500
2024-05,3800
2024-06,4000
2024-07,3700
2024-08,4200
2024-09,4300
2024-10,4500
2024-11,4700
2024-12,5000
